<?xml version="1.0" encoding="UTF-8"?><record xmlns="http://www.loc.gov/MARC21/slim" xmlns:cinclude="http://apache.org/cocoon/include/1.0" xmlns:zs="http://www.loc.gov/zing/srw/">
  <leader>01962cz  a2200349n  4500</leader>
  <controlfield tag="001">no2014001283</controlfield>
  <controlfield tag="003">DLC</controlfield>
  <controlfield tag="005">20140130073842.0</controlfield>
  <controlfield tag="008">140106n| azannaabn          |a ana     c</controlfield>
  <datafield tag="010" ind1=" " ind2=" ">
    <subfield code="a">no2014001283</subfield>
  </datafield>
  <datafield tag="035" ind1=" " ind2=" ">
    <subfield code="a">(OCoLC)oca09649741</subfield>
  </datafield>
  <datafield tag="040" ind1=" " ind2=" ">
    <subfield code="a">DHMM</subfield>
    <subfield code="b">eng</subfield>
    <subfield code="e">rda</subfield>
    <subfield code="c">DHMM</subfield>
    <subfield code="d">DHMM</subfield>
  </datafield>
  <datafield tag="046" ind1=" " ind2=" ">
    <subfield code="s">1939</subfield>
    <subfield code="t">1945</subfield>
  </datafield>
  <datafield tag="110" ind1="2" ind2=" ">
    <subfield code="a">Policja Polska Generalnego Gubernatorstwa</subfield>
  </datafield>
  <datafield tag="368" ind1=" " ind2=" ">
    <subfield code="a">Police</subfield>
    <subfield code="2">lcsh</subfield>
  </datafield>
  <datafield tag="370" ind1=" " ind2=" ">
    <subfield code="c">Poland</subfield>
    <subfield code="c">Germany</subfield>
  </datafield>
  <datafield tag="372" ind1=" " ind2=" ">
    <subfield code="a">Holocaust, Jewish (1939-1945)</subfield>
    <subfield code="a">World War, 1939-1945</subfield>
    <subfield code="a">Poland--History--Occupation, 1939-1945</subfield>
    <subfield code="2">lcsh</subfield>
  </datafield>
  <datafield tag="410" ind1="2" ind2=" ">
    <subfield code="a">Blaue Polizei (Poland)</subfield>
  </datafield>
  <datafield tag="410" ind1="2" ind2=" ">
    <subfield code="a">Blue Police (Poland)</subfield>
  </datafield>
  <datafield tag="410" ind1="2" ind2=" ">
    <subfield code="a">Dark-Blue Police (Poland)</subfield>
  </datafield>
  <datafield tag="410" ind1="2" ind2=" ">
    <subfield code="a">Granatowa Policja (Poland)</subfield>
  </datafield>
  <datafield tag="410" ind1="2" ind2=" ">
    <subfield code="a">Navy-Blue Police (Poland)</subfield>
  </datafield>
  <datafield tag="410" ind1="2" ind2=" ">
    <subfield code="a">Policja Granatowa (Poland)</subfield>
  </datafield>
  <datafield tag="410" ind1="2" ind2=" ">
    <subfield code="a">Policja Polska GG</subfield>
  </datafield>
  <datafield tag="410" ind1="2" ind2=" ">
    <subfield code="a">Polish Police of the General Government</subfield>
  </datafield>
  <datafield tag="410" ind1="2" ind2=" ">
    <subfield code="a">Polnische Polizei im Generalgouvernement</subfield>
  </datafield>
  <datafield tag="670" ind1=" " ind2=" ">
    <subfield code="a">US Holocaust Memorial Museum catalog, 6 January 2014</subfield>
    <subfield code="b">(Blue Police)</subfield>
  </datafield>
  <datafield tag="670" ind1=" " ind2=" ">
    <subfield code="a">Die Verfolgung und Ermordung der europaĚischen Juden durch das nationalsozialistische Deutschland 1933-1945, 2011:</subfield>
    <subfield code="b">volume 4, page 239 (Offiziell: Polnische Polizei im Generalgouvernement (Policja Polska Generalnego Gubernatorstwa); because of the color of their uniforms also called Blaue Polizei (Policja Granatowa))</subfield>
  </datafield>
  <datafield tag="670" ind1=" " ind2=" ">
    <subfield code="a">www.policjapanstwowa.pl, 6 January 2014</subfield>
    <subfield code="b">(Policja Polska Generalnego Gubernatorstwa; Policja Polska GG; Granatowa policja; 1939-1945)</subfield>
  </datafield>
  <datafield tag="670" ind1=" " ind2=" ">
    <subfield code="a">Golden harvest, c2012:</subfield>
    <subfield code="b">page 127 (dark-blue police (granatowa policja))</subfield>
  </datafield>
  <datafield tag="670" ind1=" " ind2=" ">
    <subfield code="a">National Library of Poland, 6 January 2014</subfield>
    <subfield code="b">(hdg.: Policja Polska Generalnego Gubernatorstwa)</subfield>
  </datafield>
  <datafield tag="670" ind1=" " ind2=" ">
    <subfield code="a">en.wikipedia.org, 6 January 2014</subfield>
    <subfield code="b">(Blue Police, more correctly translated as The Navy-Blue Police; Polish: Granatowa policja; Polish Police of the General Government (German: Polnische Polizei im Generalgouvernement, Polish: Policja Polska Generalnego Gubernatorstwa))</subfield>
  </datafield>
</record>